<?xml version="1.0" encoding="UTF-8"?>
<record xmlns="http://www.loc.gov/MARC21/slim" xmlns:xsi="http://www.w3.org/2001/XMLSchema-instance" xsi:schemaLocation="http://www.loc.gov/MARC21/slim http://www.loc.gov/standards/marcxml/schema/MARC21slim.xsd">
<leader>00000cam a22      a 4500</leader>
<controlfield tag="001">001679877</controlfield>
<controlfield tag="003">NNU</controlfield>
<controlfield tag="005">20141121161110.0</controlfield>
<controlfield tag="008">900529s1968    iq a     b    000 0 arar</controlfield>
<datafield tag="010" ind1=" " ind2=" ">
<subfield code="a">   71218386</subfield>
</datafield>
<datafield tag="035" ind1=" " ind2=" ">
<subfield code="a">(OCoLC)21614836</subfield>
<subfield code="z">(OCoLC)223225383</subfield>
</datafield>
<datafield tag="040" ind1=" " ind2=" ">
<subfield code="a">DLC</subfield>
<subfield code="b">eng</subfield>
<subfield code="c">WAU</subfield>
<subfield code="d">DLC</subfield>
<subfield code="d">EMU</subfield>
<subfield code="d">EUM</subfield>
<subfield code="d">OCLCA</subfield>
<subfield code="d">OCLCF</subfield>
<subfield code="d">OCLCQ</subfield>
<subfield code="d">NNU</subfield>
</datafield>
<datafield tag="042" ind1=" " ind2=" ">
<subfield code="a">premarc</subfield>
</datafield>
<datafield tag="050" ind1="0" ind2="0">
<subfield code="a">PJ6171</subfield>
<subfield code="b">.R3 1968</subfield>
</datafield>
<datafield tag="100" ind1="1" ind2=" ">
<subfield code="6">880-01</subfield>
<subfield code="a">Rāḍī, ʻAbd al-Ḥamīd.</subfield>
</datafield>
<datafield tag="245" ind1="1" ind2="0">
<subfield code="6">880-02</subfield>
<subfield code="a">Sharḥ Tuḥfat al-khalīl fī al-ʻarūḍ wa-al-qāfiyah /</subfield>
<subfield code="c">taʼlīf ʻAbd al-Ḥamīd Rāḍī.</subfield>
</datafield>
<datafield tag="246" ind1="1" ind2=" ">
<subfield code="i">Title on p. [4] of cover:</subfield>
<subfield code="a">Sharh tuhfat al-khalil fi al-arud wa al-qafiya</subfield>
</datafield>
<datafield tag="260" ind1=" " ind2=" ">
<subfield code="6">880-03</subfield>
<subfield code="a">Baghdād :</subfield>
<subfield code="b">Maṭbaʻat al-ʻĀnī,</subfield>
<subfield code="c">1968.</subfield>
</datafield>
<datafield tag="300" ind1=" " ind2=" ">
<subfield code="a">422 pages :</subfield>
<subfield code="b">illustrations ;</subfield>
<subfield code="c">25 cm</subfield>
</datafield>
<datafield tag="336" ind1=" " ind2=" ">
<subfield code="a">text</subfield>
<subfield code="b">txt</subfield>
<subfield code="2">rdacontent</subfield>
</datafield>
<datafield tag="337" ind1=" " ind2=" ">
<subfield code="a">unmediated</subfield>
<subfield code="b">n</subfield>
<subfield code="2">rdamedia</subfield>
</datafield>
<datafield tag="338" ind1=" " ind2=" ">
<subfield code="a">volume</subfield>
<subfield code="b">nc</subfield>
<subfield code="2">rdacarrier</subfield>
</datafield>
<datafield tag="504" ind1=" " ind2=" ">
<subfield code="a">Includes bibliographical references (pages 415-418).</subfield>
</datafield>
<datafield tag="650" ind1=" " ind2="0">
<subfield code="a">Arabic language</subfield>
<subfield code="x">Versification.</subfield>
</datafield>
<datafield tag="600" ind1="1" ind2="0">
<subfield code="a">Kayshawan, Muhammad Husayn ibn Kazim,</subfield>
<subfield code="d">1878-1937 or 1938.</subfield>
<subfield code="t">Tuhfat al-khalil fi al-ʻarud wa-al-qafiyah</subfield>
</datafield>
<datafield tag="650" ind1=" " ind2="7">
<subfield code="a">Arabic language</subfield>
<subfield code="x">Versification.</subfield>
<subfield code="2">fast</subfield>
<subfield code="0">(OCoLC)fst00812458</subfield>
</datafield>
<datafield tag="700" ind1="1" ind2=" ">
<subfield code="6">880-04</subfield>
<subfield code="a">Kayshawān, Muḥammad Ḥusayn ibn Kāẓim,</subfield>
<subfield code="d">1878-1937 or 1938.</subfield>
<subfield code="t">Tuḥfat al-khalīl fī al-ʻarūḍ wa-al-qāfiyah.</subfield>
</datafield>
<datafield tag="776" ind1="0" ind2="8">
<subfield code="i">Online version:</subfield>
<subfield code="a">Rāḍī, ʻAbd al-Ḥamīd.</subfield>
<subfield code="t">Sharḥ Tuḥfat al-khalīl fī al-ʻarūḍ wa-al-qāfiyah.</subfield>
<subfield code="d">Baghdād, Maṭbaʻat al-ʻĀnī, 1968</subfield>
<subfield code="w">(OCoLC)580922757</subfield>
</datafield>
<datafield tag="880" ind1="1" ind2=" ">
<subfield code="6">100-01/</subfield>
<subfield code="a">راضي، عبد الحميد.</subfield>
</datafield>
<datafield tag="880" ind1="1" ind2="0">
<subfield code="6">245-02/</subfield>
<subfield code="a">شرح تحفة الخليل في العروض والقافية /</subfield>
<subfield code="c">تأليف عبد الحميد راضي.</subfield>
</datafield>
<datafield tag="880" ind1=" " ind2=" ">
<subfield code="6">260-03/</subfield>
<subfield code="a">بغداد،</subfield>
<subfield code="b">مطبعة العاني،</subfield>
<subfield code="c">1968.</subfield>
</datafield>
<datafield tag="880" ind1="1" ind2=" ">
<subfield code="6">700-04/</subfield>
<subfield code="a">كيشوان، محمد حسين بن كاظم،,</subfield>
<subfield code="d">1878-1937 أو 8.</subfield>
<subfield code="t">تحفة الخليل في العروض والقافية.</subfield>
</datafield>
<datafield tag="OWN" ind1=" " ind2=" ">
<subfield code="a">GENERAL</subfield>
</datafield>
<datafield tag="AVA" ind1=" " ind2=" ">
<subfield code="a">NYU50</subfield>
<subfield code="b">BOBST</subfield>
<subfield code="c">Main Collection</subfield>
<subfield code="d">PJ6171 .R3</subfield>
<subfield code="e">unavailable</subfield>
<subfield code="t">Unavailable</subfield>
<subfield code="f">1</subfield>
<subfield code="g">1</subfield>
<subfield code="h">N</subfield>
<subfield code="i">0</subfield>
<subfield code="j">MAIN</subfield>
<subfield code="k">0</subfield>
</datafield>
</record>
